<?xml version="1.0" encoding="UTF-8"?><record xmlns="http://www.loc.gov/MARC21/slim" xmlns:cinclude="http://apache.org/cocoon/include/1.0" xmlns:zs="http://www.loc.gov/zing/srw/">
  <leader>00498cz  a2200133n  4500</leader>
  <controlfield tag="001">n 2010063962</controlfield>
  <controlfield tag="003">DLC</controlfield>
  <controlfield tag="005">20100928074925.0</controlfield>
  <controlfield tag="008">100927n| acannaabn          |a aaa      </controlfield>
  <datafield tag="010" ind1=" " ind2=" ">
    <subfield code="a">n 2010063962</subfield>
  </datafield>
  <datafield tag="040" ind1=" " ind2=" ">
    <subfield code="a">DLC</subfield>
    <subfield code="b">eng</subfield>
    <subfield code="c">DLC</subfield>
  </datafield>
  <datafield tag="100" ind1="1" ind2=" ">
    <subfield code="a">Toribios Fuentes, Fernando</subfield>
  </datafield>
  <datafield tag="400" ind1="1" ind2=" ">
    <subfield code="a">Fuentes, Fernando Toribios</subfield>
  </datafield>
  <datafield tag="670" ind1=" " ind2=" ">
    <subfield code="a">Toribios Fuentes, Fernando. Manual praĚctico del proceso civil, 2010:</subfield>
    <subfield code="b">t.p. (Fernando Toribios Fuentes; procurador de los Tribunals; prof. asociado de derecho civil, Univ. de Valladolid)</subfield>
  </datafield>
</record>